<collection xmlns="http://www.loc.gov/MARC21/slim"><record><leader>00671nam  2200217   450</leader><controlfield tag="001">637</controlfield><controlfield tag="003">http://montalegre.opacnet.com/OPAC/default.aspx?ContentAreaControl=ShowRegHoldings.ascx&amp;RegNo=16662</controlfield><controlfield tag="005">20</controlfield><datafield tag="021" ind1=" " ind2=" "><subfield code="a">PT</subfield><subfield code="b">98362/96</subfield></datafield><datafield tag="100" ind1=" " ind2=" "><subfield code="a">20140305d1996    |||y0pory010305  ba</subfield></datafield><datafield tag="101" ind1="0" ind2=" "><subfield code="a">por</subfield></datafield><datafield tag="102" ind1=" " ind2=" "><subfield code="a">PT</subfield></datafield><datafield tag="200" ind1="1" ind2=" "><subfield code="a">História com recadinho</subfield><subfield code="f">Luísa Dacosta</subfield><subfield code="g">ilust.: Karin Somero</subfield></datafield><datafield tag="205" ind1=" " ind2=" "><subfield code="a">2ª ed</subfield></datafield><datafield tag="210" ind1=" " ind2=" "><subfield code="a">Porto</subfield><subfield code="c">Figueirinhas</subfield><subfield code="d">1996</subfield></datafield><datafield tag="215" ind1=" " ind2=" "><subfield code="a">52p.</subfield><subfield code="c">il.</subfield><subfield code="d">30 cm</subfield></datafield><datafield tag="675" ind1=" " ind2=" "><subfield code="a">821.134.3-34</subfield></datafield><datafield tag="700" ind1=" " ind2="1"><subfield code="a">Dacosta</subfield><subfield code="b">Luísa</subfield><subfield code="f">1927-</subfield></datafield><datafield tag="702" ind1=" " ind2="1"><subfield code="a">Somero</subfield><subfield code="b">Karin</subfield><subfield code="4">440</subfield></datafield><datafield tag="801" ind1=" " ind2="0"><subfield code="a">PT</subfield><subfield code="b">Biblioteca Municipal de Montalegre</subfield><subfield code="g">RPC</subfield></datafield><datafield tag="856" ind1=" " ind2=" "><subfield code="u">locateMedia.asp?cod=20060522172453&amp;ext=jpg</subfield><subfield code="z">CAPA</subfield></datafield><datafield tag="909" ind1="&#9;" ind2=" "><subfield code="a">1</subfield></datafield><datafield tag="966" ind1=" " ind2=" "><subfield code="a">0015106</subfield><subfield code="l">BMM</subfield><subfield code="s">SI 821.134.3-34 DAC his</subfield></datafield></record></collection>